<record><leader>00000cas a22000007a 4500</leader><controlfield tag="001">12204541</controlfield><controlfield tag="008">850627d19761976pauwr ne      0    0eng d</controlfield><datafield ind1=" " ind2=" " tag="010"><subfield code="a">sn 85054971 </subfield></datafield><datafield ind1=" " ind2=" " tag="040"><subfield code="a">NPH</subfield><subfield code="b">eng</subfield><subfield code="c">NPH</subfield><subfield code="d">OCLCQ</subfield></datafield><datafield ind1=" " ind2=" " tag="042"><subfield code="a">msc</subfield></datafield><datafield ind1="0" ind2="0" tag="245"><subfield code="a">Robinson &amp; Kennedy Township times.</subfield></datafield><datafield ind1="3" ind2="0" tag="246"><subfield code="a">Robinson and Kennedy Township times</subfield></datafield><datafield ind1="1" ind2="3" tag="246"><subfield code="a">Robinson-Kennedy Township times</subfield></datafield><datafield ind1="3" ind2="0" tag="246"><subfield code="a">Township times</subfield></datafield><datafield ind1=" " ind2=" " tag="260"><subfield code="a">[Pittsburgh, Pa. :</subfield><subfield code="b">s.n.],</subfield><subfield code="c">-1976.</subfield></datafield><datafield ind1=" " ind2=" " tag="300"><subfield code="a">v. :</subfield><subfield code="b">ill. ;</subfield><subfield code="c">43 cm.</subfield></datafield><datafield ind1=" " ind2=" " tag="310"><subfield code="a">Weekly</subfield></datafield><datafield ind1="1" ind2=" " tag="362"><subfield code="a">Began in Nov., 1976.</subfield></datafield><datafield ind1="0" ind2=" " tag="362"><subfield code="a">-v. 1, no. 9 (Nov. 24, 1976).</subfield></datafield><datafield ind1=" " ind2=" " tag="752"><subfield code="a">United States</subfield><subfield code="b">Pennsylvania</subfield><subfield code="c">Allegheny</subfield><subfield code="d">Pittsburgh.</subfield></datafield><datafield ind1=" " ind2=" " tag="752"><subfield code="a">United States</subfield><subfield code="b">Pennsylvania</subfield><subfield code="c">Allegheny</subfield><subfield code="d">Robinson.</subfield></datafield><datafield ind1=" " ind2=" " tag="752"><subfield code="a">United States</subfield><subfield code="b">Pennsylvania</subfield><subfield code="c">Allegheny</subfield><subfield code="d">Kennedy.</subfield></datafield><datafield ind1="0" ind2="0" tag="780"><subfield code="t">Robinson Township times</subfield><subfield code="w">(DLC)sn 85054970</subfield></datafield><datafield ind1="0" ind2="0" tag="785"><subfield code="t">Robinson-Kennedy Township times</subfield><subfield code="w">(DLC)sn 85054972</subfield></datafield></record>